@article{atwal2019shining,
  title={Shining a light on Spotlight: Leveraging Apple's desktop search utility to recover deleted file metadata on mac{OS}},
  author={Atwal, Tajvinder Singh and Scanlon, Mark and Le-Khac, Nhien-An},
  journal={Digital Investigation},
  volume={28},
  pages={S105--S115},
  year={2019},
  publisher={Elsevier}
}

@article{nordvik2020generic,
  title={Generic Metadata Time Carving},
  author={Nordvik, Rune and Porter, Kyle and Toolan, Fergus and Axelsson, Stefan and Franke, Katrin},
  journal={Forensic Science International: Digital Investigation},
  volume={33},
  year={2020},
  publisher={Elsevier}
}

@article{lee2019extsfr,
  title={Ext{SFR}: scalable file recovery framework based on an Ext file system},
  author={Lee, Seokjun and Jo, Wooyeon and Eo, Soowoong and Shon, Taeshik},
  journal={Multimedia Tools and Applications},
  pages={1--19},
  year={2019},
  publisher={Springer}
}

@article{lee2014improved,
  title={Improved deleted file recovery technique for {E}xt2/3 filesystem},
  author={Lee, Seokjun and Shon, Taeshik},
  journal={The Journal of Supercomputing},
  volume={70},
  number={1},
  pages={20--30},
  year={2014},
  publisher={Springer}
}

@article{wu2020digital,
  title={Digital forensic tools: Recent advances and enhancing the status quo},
  author={Wu, Tina and Breitinger, Frank and \'OShaughnessy, Stephen},
  journal={Forensic Science International: Digital Investigation},
  volume={34},
  year={2020}
}

@inproceedings{laurenson2013performance,
  title={Performance analysis of file carving tools},
  author={Laurenson, Thomas},
  booktitle={IFIP International Information Security Conference},
  pages={419--433},
  year={2013}
}


@article{dewald2017afeic,
  title={{AFEIC}: Advanced forensic {E}xt4 inode carving},
  author={Dewald, Andreas and Seufert, Sabine},
  journal={Digital Investigation},
  volume={20},
  pages={S83--S91},
  year={2017}
}

@article{gladyshev2017decision,
  title={Decision-theoretic file carving},
  author={Gladyshev, Pavel and James, Joshua I},
  journal={Digital Investigation},
  volume={22},
  pages={46--61},
  year={2017}
}


@inproceedings{richard2005scalpel,
  title={Scalpel: A Frugal, High Performance File Carver.},
  author={Richard III, Golden G and Roussev, Vassil},
  booktitle={DFRWS},
  year={2005}
}

@article{sencar2009identification,
  title={Identification and recovery of {JPEG} files with missing fragments},
  author={Sencar, Husrev T and Memon, Nasir},
  journal={Digital Investigation},
  volume={6},
  pages={S88--S98},
  year={2009}
}

@String{pub-AW = "Ad{\-d}i{\-s}on-Wes{\-l}ey"}
@String{pub-AW:adr = "Reading, MA, USA"}

@MISC{cftt:nist,
	TITLE = "Computer Forensics Tool Testing Program ({CFTT})",
	AUTHOR = "NIST",
        howpublished = "\url{https://www.nist.gov/itl/ssd/software-quality-group/computer-forensics-tool-testing-program-cftt}"
}

@MISC{cyber2011,

TITLE = "Florida Water Plant Hackers Exploited Old Software And Poor Password Habits",
AUTHOR = "Lee Mathews",
howpublished = "\url{https://www.forbes.com/sites/leemathews/2021/02/15/florida-water-plant-hackers-exploited-old-software-and-poor-password-habits/}"
}

@MISC{df:news,
	TITLE = "Digital trail led investigators to alleged Craigslist murderer",
	AUTHOR = "Sharon Gaudin",
        JOURNAL = "Computer World",
        howpublished = "\url{https://www.computerworld.com/article/2523694/digital-trail-led-investigators-to-alleged-craigslist-murderer.html}"
}

@MISC{meta:dfr:standards,
	TITLE = "Active File Identification and Deleted File Recovery {DFR} Tool Specification: Draft for comment 1 of Version 1.1",
        AUTHOR = {{NIST CFTT}},
        MONTH = "March",
        YEAR = "2009",
        howpublished = "\url{https://www.nist.gov/system/files/documents/2017/05/09/dfr-req-1.1-pd-01.pdf}"
}

@BOOK{carrier:filesystems,
	TITLE = "File System Forensic Analysis",
	AUTHOR = {Brian Carrier},
	PUBLISHER = pub-AW,
	PAGES = {12,262},
	year = {2005},
	ISBN = {0-32-126817-2},
	ISBN-13 = {978-0-32-126817-4},
}

@MISC{autopsy,
	title = "Autopsy 4.11.0",
	howpublished = "\url{https://www.autopsy.com/}"
}


@MISC{recuva,
	title = "Recuva 1.53.1087",
	howpublished = "\url{https://www.ccleaner.com/recuva}"
}
	

@MISC{axiom_meta,
  title = "{Magnet AXIOM 2.7.1.12070}",
  howpublished = "\url{https://www.magnetforensics.com/products/magnet-axiom/}"
}
  
@MISC{axiom_carve,
  title = "{Magnet AXIOM 4.6.0.21968}",
  howpublished = "\url{https://www.magnetforensics.com/products/magnet-axiom/}"
}
	
@MISC{ftk,
  title = "{Forensic Toolkit (FTK) 4.2.0.13}",
  howpublished = "\url{https://accessdata.com/products-services/forensic-toolkit-ftk}"
}

@MISC{testdisk,
  title = "Test{D}isk 7.0",
  howpublished = "\url{https://www.cgsecurity.org/wiki/TestDisk}"
}


@inproceedings{lyle2011-ICDF2C,
  title={A Strategy for Testing Metadata Based Deleted File Recovery Tools},
  author={Lyle, James R},
  booktitle={International Conference on Digital Forensics and Cyber Crime},
  pages={104--114},
  year={2011},
  organization={Springer}
}

@article{loja2016,
author = {Loja, Nancy and Morocho, Rodrigo and Novillo, Johnny},
year = {2016},
month = {01},
pages = {9754-9762},
title = {Digital Forensics Tools},
volume = {11},
journal = {International Journal of Applied Engineering Research}
}

@article{prasanthi2016,
author = {Prasanthi, B.V.},
year = {2016},
month = {11},
pages = {266-271},
title = {Cyber Forensic Tools: A Review},
volume = {41},
journal = {International Journal of Engineering Trends and Technology},
}

@inproceedings{arthur2004,
author = {Arthur, K. and Venter, H.},
booktitle = {ISSA Enabling Tomorrow Conference},
year = {2004},
month = {01},
pages = {1-11},
title = {An Investigation Into Computer Forensic Tools.}
}

@MISC{dhs:ftk,
	TITLE = "{FTK} Version 3.3.0.33124 Test Results for Deleted File Recovery and Active File Listing Tool (Revised)",
    AUTHOR = {{US Department of Homeland Security}},
    DATE = {2014-06-23},
    howpublished = "\url{https://www.dhs.gov/sites/default/files/publications/508_Test%20Report_NIST_FTK%20v3%203%200%2033124%20%28Revised%29_August%202015_Final_0.pdf}"
}

@MISC{dhs:autopsy,
	TITLE = "The Sleuth Kit (TSK)3.2.2/Autopsy 2.24 Test Results for Deleted File Recovery and Active File Listing Tool",
    AUTHOR = {{US Department of Homeland Security}},
    DATE = {2014-07-02},
    howpublished = "\url{https://www.dhs.gov/sites/default/files/publications/508_Test%20Report_The%20Sleuth%20Kit%203%202%202%20-%20Autopsy%202%2024%20Test%20Report_November%202015_Final.pdf}"
}

@MISC{carving_standards,
	TITLE = "Forensic File Carving Tool Specification: Draft Version 1.0 for Public Comment",
        AUTHOR = {{NIST CFTT}},
        MONTH = "April",
        YEAR = "2014",
        howpublished = "\url{https://www.nist.gov/system/files/documents/2017/05/09/fc-req-public-draft-01-of-ver-01.pdf}"
}

@MISC{photorec,
  title = "{PhotoRec 7.1}",
  howpublished = "\url{https://www.cgsecurity.org/wiki/PhotoRec}"
}

@MISC{foremost,
  title = "Foremost 1.5.7",
  howpublished = "\url{http://foremost.sourceforge.net/}"
}

@MISC{scalpel,
  title = "Scalpel 1.60",
  howpublished = "\url{https://salsa.debian.org/pkg-security-team/scalpel}"
}

@MISC{imagemagick,
  title = "{ImageMagick 7.0.10}",
  howpublished = "\url{https://imagemagick.org/}"
}

@MISC{cftt_carving_images,
	TITLE = "Forensic Images Used for NIST/CFTT File Carving Test Reports",
        AUTHOR = {{NIST CFTT}},
        MONTH = "March",
        YEAR = "2017",
        howpublished = "\url{https://www.cfreds.nist.gov/filecarvingtestreports.html}"
}
@MISC{cftt_carving_reports,
	TITLE = "Test Results for Forensic File Carving",
        AUTHOR = {{NIST CFTT}},
        MONTH = "March",
        YEAR = "2019",
        howpublished = "\url{https://www.nist.gov/itl/ssd/software-quality-group/computer-forensics-tool-testing-program-cftt/cftt-technical-0}"
}
@MISC{cftt_meta_reports,
	TITLE = "Test Results for Deleted File Recovery",
        AUTHOR = {{NIST CFTT}},
        MONTH = "March",
        YEAR = "2019",
        howpublished = "\url{https://www.nist.gov/itl/ssd/software-quality-group/computer-forensics-tool-testing-program-cftt/cftt-technical/deleted}"
}

@article{eai,
author = {Meyer, Andrew and Roy, Sankardas},
year = {2020},
month = {02},
title = {Do Metadata-based Deleted-File-Recovery (DFR) Tools Meet NIST Guidelines?},
volume = {6},
journal = {EAI Endorsed Transactions on Security and Safety},
doi = {10.4108/eai.13-7-2018.163091}
}
